@Book{PRML,
author = "Christopher M. Bishop",
title = "Pattern Recognition and Machine Learning",
publisher = "Springer",
year = {2006},
}
@book{Bishop:DeepLearning24,
author = {Christopher M. Bishop and Hugh Bishop},
title = {Deep Learning: Foundations and Concepts},
year = {2024},
publisher = {Springer}
}
@article{treeby2010k,
  title={k-Wave: MATLAB toolbox for the simulation and reconstruction of photoacoustic wave fields},
  author={Treeby, Bradley E and Cox, Benjamin T},
  journal={Journal of biomedical optics},
  volume={15},
  number={2},
  pages={021314--021314},
  year={2010},
  publisher={Society of Photo-Optical Instrumentation Engineers}
}
@article{清水2022,
  title={200 m立型水槽を用いたエアリフト実験について},
  author={清水 和弥 and 高木 周},
  journal={混相流},
  volume={36},
  number={3},
  pages={320-328},
  year={2022},
  doi={10.3811/jjmf.2022.T010}
}
@misc{ultrasonicjournal,
  author = "日本放射線技術学会",
  author = "日本医学物理学会",
  title = "Radiological physics and technology",
  year = "2008",
  month = "2008-",
  publisher = "Springer",
  address = "Tokyo, Japan",
  ISSN/ISBN = "18650333",
}
@inproceedings{girshick2014rich,
  title={Rich feature hierarchies for accurate object detection and semantic segmentation},
  author={Girshick, Ross and Donahue, Jeff and Darrell, Trevor and Malik, Jitendra},
  booktitle={Proceedings of the IEEE conference on computer vision and pattern recognition},
  pages={580--587},
  year={2014}
}
@inproceedings{sheoran2020age,
  title={Age and gender prediction using deep cnns and transfer learning},
  author={Sheoran, Vikas and Joshi, Shreyansh and Bhayani, Tanisha R},
  booktitle={International Conference on Computer Vision and Image Processing},
  pages={293--304},
  year={2020},
  organization={Springer}
}
@inproceedings{guo2008probabilistic,
  title={A probabilistic fusion approach to human age prediction},
  author={Guo, Guodong and Fu, Yun and Dyer, Charles R and Huang, Thomas S},
  booktitle={2008 IEEE computer society conference on computer vision and pattern recognition workshops},
  pages={1--6},
  year={2008},
  organization={IEEE}
}
@book{gas-liquidtech,
  author = "日本機械学会",
  title = "気液二相流技術ハンドブック",
  year = "1989",
  month = "1989.5",
  key = "流体力学",
  publisher = "コロナ社",
  address = "東京, Japan",
  ISSN/ISBN = "9784339042825 [433904282X]",
}
@article{sakaguchibubble,
author="坂口, 忠司 and 井尻, 弘紀 and 煙崎, 正之 and 赤對, 秀明",
title="鉛直円管内気液二相気泡流の気相体積率分布に関する一考察",
journal="混相流",
ISSN="09142843",
publisher="日本混相流学会",
year="1996",
volume="10",
number="4",
pages="389-396",
DOI="10.3811/jjmf.10.389",
URL="https://cir.nii.ac.jp/crid/1390282679414275200"
}
@article{Selvaraju_2019,
   title={Grad-CAM: Visual Explanations from Deep Networks via Gradient-Based Localization},
   volume={128},
   ISSN={1573-1405},
   url={http://dx.doi.org/10.1007/s11263-019-01228-7},
   DOI={10.1007/s11263-019-01228-7},
   number={2},
   journal={International Journal of Computer Vision},
   publisher={Springer Science and Business Media LLC},
   author={Selvaraju, Ramprasaath R. and Cogswell, Michael and Das, Abhishek and Vedantam, Ramakrishna and Parikh, Devi and Batra, Dhruv},
   year={2019},
   month=oct, pages={336–359} }
@book{batchelor2000introduction,
  title={An Introduction to Fluid Dynamics},
  author={Batchelor, G.K.},
  isbn={9781299706385},
  lccn={67021953},
  series={Cambridge mathematical library},
  url={https://books.google.co.jp/books?id=SlA-ngEACAAJ},
  year={2000},
  publisher={Cambridge University Press}
}
@article{村井祐一20222022.T011,
  title={超音波によるエアリフト管内の混相流の計測},
  author={村井 祐一 and 田坂 裕司 and 朴 玄珍 and 高野 慧 and 正信 聡太郎},
  journal={混相流},
  volume={36},
  number={3},
  pages={329-335},
  year={2022},
  doi={10.3811/jjmf.2022.T011}
}
@article{kyodaisenpai,
  title={Vision based two-dimensional measurement of machine tool motion trajectory},
  author={Haochen HUANG and Daisuke KONO and Masahiro TOYOURA},
  journal={Journal of Advanced Mechanical Design, Systems, and Manufacturing},
  volume={18},
  number={6},
  pages={JAMDSM0080-JAMDSM0080},
  year={2024},
  doi={10.1299/jamdsm.2024jamdsm0080}
}
@misc{torchvstensor,
      title={A Comparative Survey of PyTorch vs TensorFlow for Deep Learning: Usability, Performance, and Deployment Trade-offs}, 
      author={Zakariya Ba Alawi},
      year={2025},
      eprint={2508.04035},
      archivePrefix={arXiv},
      primaryClass={cs.LG},
      url={https://arxiv.org/abs/2508.04035}, 
}
@article{塩ビ2021,
  title={2021A-GS6-3 海洋鉱物資源開発におけるエアリフトポンプの非定常シミュレーション},
  author={高野 慧 and 正信 聡太郎},
  journal={日本船舶海洋工学会講演会論文集},
  volume={33},
  number={ },
  pages={315-319},
  year={2021},
  doi={10.14856/conf.33.0_315}
}
@article{park2022gas,
  title={Gas volume estimation in a vertical pipe flow considering the bubble size obtained from an ultrasonic velocity vector profiler},
  author={Park, Hyun Jin and Yoon, Dongik and Akasaka, Shintaro and Tasaka, Yuji and Murai, Yuichi},
  journal={Experiments in Fluids},
  volume={63},
  number={8},
  pages={130},
  year={2022},
  publisher={Springer}
}
@article{bishop1993analysis,
  title={Analysis of multiphase flows using dual-energy gamma densitometry and neural networks},
  author={Bishop, Christopher M and James, Gwilym D},
  journal={Nuclear Instruments and Methods in Physics Research Section A: Accelerators, Spectrometers, Detectors and Associated Equipment},
  volume={327},
  number={2-3},
  pages={580--593},
  year={1993},
  publisher={Elsevier}
}
@article{figueiredo2016use,
  title={The use of an ultrasonic technique and neural networks for identification of the flow pattern and measurement of the gas volume fraction in multiphase flows},
  author={Figueiredo, MMF and Goncalves, JL and Nakashima, AMV and Fileti, AMF and Carvalho, RDM},
  journal={Experimental Thermal and Fluid Science},
  volume={70},
  pages={29--50},
  year={2016},
  publisher={Elsevier}
}
@article{FIGUEIREDO2020110189,
title = {Flow pattern classification in water-air vertical flows using a single ultrasonic transducer},
journal = {Experimental Thermal and Fluid Science},
volume = {119},
pages = {110189},
year = {2020},
issn = {0894-1777},
doi = {https://doi.org/10.1016/j.expthermflusci.2020.110189},
url = {https://www.sciencedirect.com/science/article/pii/S0894177720306932},
author = {Maurício de Melo Freire Figueiredo and Felipe de Castro Teixeira Carvalho and Ana Maria Frattini Fileti and Alberto Luiz Serpa},
keywords = {Ultrasonic, Two-phase flow, Flow pattern, Dispersed bubbles flow, Slug flow, Churn flow},
abstract = {Researchers around the world have proposed different methodologies for flow-pattern identification in multiphase flows. The most common explored techniques are based on optical imaging, pressure fluctuation, electrical impedance, radiation absorption, and ultrasound. Because the ultrasonic technique is relatively low in cost, easy to conduct, accurate, nonintrusive, and suitable for opaque systems, this paper presents a flow-pattern classifier based on ultrasound for two-phase vertical water–air flows. It is based on the coefficient of variation of the energy of the pulses reflected by the dispersed phase. Also, it uses just one ultrasonic transducer. An experimental plant was built to develop two-phase water–air flows to evaluate the proposed technique performance by comparing it to the visual analysis of the recorded image of the flow. A total of 102 different experimental points were collected and evaluated. The results have shown that the method was capable to distinguish dispersed bubbles, slug and churn flow patterns.}
}
